@article{datta2014,
author = {Datta, Abhirup and Banerjee, Sudipto and Finley, Andrew and Gelfand, Alan},
year = {2014},
month = {06},
pages = {},
title = {Hierarchical Nearest-Neighbor Gaussian Process Models for Large Geostatistical Datasets},
volume = {111},
journal = {Journal of the American Statistical Association},
}
@article{chang2014,
author = {Chang, Howard and Hu, Xuefei and Liu, Yang},
year = {2013},
month = {12},
pages = {},
title = {Calibrating MODIS aerosol optical depth for predicting daily PM2.5 concentrations via statistical downscaling},
volume = {24},
journal = {Journal of exposure science \& environmental epidemiology},
}

@article{liu2017,
author = {Yang Liu and David J. Diner},
title ={Multi-Angle Imager for Aerosols: A Satellite Investigation to Benefit Public Health},
journal = {Public Health Reports},
volume = {132},
number = {1},
pages = {14-17},
year = {2017},
}

@article{byun2006,
    author = {Byun, Daewon and Schere, Kenneth L.},
    title = "{Review of the Governing Equations, Computational Algorithms, and
                    Other Components of the Models-3 Community Multiscale Air Quality (CMAQ)
                    Modeling System}",
    journal = {Applied Mechanics Reviews},
    volume = {59},
    number = {2},
    pages = {51-77},
    year = {2006},
    month = {03},
}
