@article{finkenstadt2000time,
 author = {Barbel F. Finkenstadt and Bryan T. Grenfell},
 journal = {Journal of the Royal Statistical Society. Series C (Applied Statistics)},
 number = {2},
 pages = {187--205},
 publisher = {[Wiley, Royal Statistical Society]},
 title = {Time Series Modelling of Childhood Diseases: A Dynamical Systems Approach},
 volume = {49},
 year = {2000}
}
@inproceedings{lundberg2017unified,
author = {Lundberg, Scott M. and Lee, Su-In},
title = {A Unified Approach to Interpreting Model Predictions},
year = {2017},
publisher = {Curran Associates Inc.},
address = {Red Hook, NY, USA},
booktitle = {Proceedings of the 31st International Conference on Neural Information Processing Systems},
pages = {4768–4777},
numpages = {10},
location = {Long Beach, California, USA},
series = {NIPS'17}
}

@article{xia2004measles,
 author = {Yingcun Xia and Ottar N. Bjørnstad and Bryan T. Grenfell and Associate Editor: Donald L. DeAngelis},
 journal = {The American Naturalist},
 number = {2},
 pages = {267--281},
 publisher = {[The University of Chicago Press, The American Society of Naturalists]},
 title = {Measles Metapopulation Dynamics: A Gravity Model for Epidemiological Coupling and Dynamics},
 volume = {164},
 year = {2004}
}

@article{lau2020competing,
author = {Lau, Max and Becker, Alexander and Korevaar, Hannah and Caudron, Quentin and Shaw, Darren and Metcalf, C. Jessica and Bjornstad, Ottar and Grenfell, Bryan},
year = {2020},
month = {07},
pages = {1-6},
title = {A competing-risks model explains hierarchical spatial coupling of measles epidemics en route to national elimination},
volume = {4},
journal = {Nature Ecology \& Evolution}
}
